@MISC { nouveau,
	author = "Freedesktop.org and X.Org Foundation",
	howpublished = "\url{http://nouveau.freedesktop.org/}",
	mark = "ON",
	modified = "2012-06-05 17:19:05 +0000",
	title = "Nouveau"
}

@inproceedings{KATO_OSPERT11,
author = {S. Kato and S. Brandt and Y. Ishikawa and R. Rajkumar},
booktitle = {Proc. of the International Workshop on Operating Systems Platforms for Embedded Real-Time Applications},
pages = {pp. 21--30},
title = {{Operating Systems Challenges for GPU Resource Management}},
year = 2011
}

@inproceedings{Bautin_MCNC08,
author = {M. Bautin and A. Dwarakinath and T. Chiueh},
title = {{Graphics Engine Resource Management}},
booktitle = {Proceedings of the Annual Multimedia Computing and Networking Conference},
year = {2008}
}

@inproceedings{Kato_ATC11,
author = {S. Kato and K. Lakshmanan and R. Rajkumar and Y. Ishikawa},
title = {{TimeGraph: GPU Scheduling for Real-Time Multi-Tasking Environments}},
booktitle = {Proc. of the USENIX Annual Technical Conference},
year = {2011}
}

@inproceedings{Kato_RTSS11,
author = {S. Kato and K. Lakshmanan and A. Kumar and M. Kelkar and Y. Ishikawa and R. Rajkumar},
title = {{RGEM: A Responsive GPGPU Execution Model for Runtime Engines}},
booktitle = {Proc. of the IEEE Real-Time Systems Symposium},
pages = {57--66},
year = {2011}
}

@inproceedings{Kato_RTAS11,
author = {S. Kato and K. Lakshmanan and Y. Ishikawa and R. Rajkumar},
title = {{Resource Sharing in GPU-accelerated Windowing Systems}},
booktitle = {Proc. of the IEEE Real-Time and Embedded Technology and Applications Symposium},
pages = {191--200},
year = {2011}
}

@inproceedings{Kato_ATC12,
author = {S. Kato and M. McThrow and C. Maltzahn and S. Brandt},
title = {{Gdev: First-Class GPU Resource Management in the Operating System}},
booktitle = {Proc. of the USENIX Annual Technical Conference},
year = {2012},
}

@inproceedings{Basaran_ECRTS12,
author = {C. Basaran and K-D. Kang},
title = {{Supporting Preemptive Task Executions and Memory Copies in GPGPUs}},
booktitle = {Proc. of the Euromicro Conference on Real-Time Systems},
pages = {287--296},
year = {2012}
}


@inproceedings{Elliott_ECRTS12,
author = {G. Elliott and J. Anderson},
title = {{Robust Real-Time Multiprocessor Interrupt Handling Motivated by GPUs}},
booktitle = {Proc. of the Euromicro Conference on Real-Time Systems},
pages = {267--276},
year = {2012}
}

@article{Elliott_RTS12,
author = {G. Elliott and J. Anderson},
title = {{Globally Scheduled Real-Time Multiprocessor Systems with GPUs}},
journal = {Real-Time Systems},
volume = {48},
number = {1},
pages = {34--74},
year = {2012}
}

@inproceedings{Aumiller_CPSNA12,
author = {J. Aumiller and S. Kato and N. Rath and S. Brandt},
title = {{Supporting Low-Latency CPS using GPUs and Direct I/O Schemes}},
booktitle = {Proc. of the International Workshop on Cyber-Physical Systems, Networks, and Applications},
year = {2012},
}

@inproceedings{McNaughton_ICRA11, 
author = {McNaughton, M. and Urmson, C. and Dolan, J.M. and Jin-Woo Lee}, 
title = {{Motion planning for autonomous driving with a conformal spatiotemporal lattice}}, 
booktitle = {Proc. of the IEEE International Conference on Robotics and Automation}, 
pages = {4889--4895}, 
year = {2011}
}

@article{Ferreira_JRTIP11,
author = {J. Ferreira and J. Lobo and J. Dias},
title = {{Bayesian real-time perception algorithms on GPU}},
journal = {Journal of Real-Time Image Processing},
pages = {171--186},
volume = {6},
number = {3},
year = {2011},
}


@MISC { nvidia:linux:driver,
	author = "NVIDIA",
	howpublished = "\url{http://llvm.org/}",
	mark = "ON",
	modified = "2012-06-05 17:16:47 +0000",
	title = "Linux X64 (AMD64/EM64T) Display Driver."
}

@MISC { llvm,
	author = "The LLVM Team.",
	howpublished = "\url{http://llvm.org/}",
	mark = "ON",
	modified = "2012-06-05 17:32:25 +0000",
	title = "The LLCM compiler infrastructure"
}

@MISC { envytools,
	author = {Marcin Koscielnicki},
	howpublished = {\url{https://0x04.net/envytools.git}},
	title = {{Envytools}}
}

@MASTERSTHESIS { llvm:start,
	address = "Urbana, IL",
	author = "Chris Lattner",
	mark = "ON",
	modified = "2012-09-09 20:19:11 +0000",
	note = "{\em See {\tt http://llvm.cs.uiuc.edu}.}",
	school = "{Computer Science Dept., University of Illinois at Urbana-Champaign}",
	title = "{LLVM: An Infrastructure for Multi-Stage Optimization}",
	year = 2002
}

@inproceedings {Nightingale_SOSP09,
author = {E.B. Nightingale and O. Hodson and R. McIlroy and C. Hawblitzel and Galen C. Hunt},
booktitle = {ACM Symposium on Operating Systems Principles},
pages = {221--234},
title = {{Helios: heterogeneous multiprocessing with satellite kernels}},
year = {2009}
}

@misc {GIT_GDEV,
author = {S. Kato},
howpublished = {\url{http://sys.ertl.jp/gdev/}},
title = {{Gdev Project}},
year = {2012}
}

@misc {GIT_NVFC,
author = {Y. Fujii and T. Azumi and S. Kato},
howpublished = "\url{https://github.com/yukke0826/nvfc}",
title = {{NVIDIA Firmware Compiler Project}},
year = {2012}
}

@misc {GIT_FARM,
author = {Y. Fujii and T. Azumi and S. Kato},
howpublished = "\url{https://github.com/yukke0826/farm}",
title = {{FARM Project}},
year = {2012}
}

@misc {CUDA,
author = {NVIDIA},
howpublished = {\url{http://www.nvidia.com/}},
mark = {ON},
title = {{CUDA}},
}

@opencl {OPENCL,
author = {KHRONOS},
howpublished = {\url{http://www.khronos.org/opencl/}},
title = {{OpenCL - The open standard for parallel programming of heterogeneous systems}}
}
